
@article{kovachki2021neural,
  abbr = {arXiv},
  bibtex_show = {true},
  title = {Neural Operator: Learning Maps Between Function Spaces},
  author = {Kovachki, Nikola B and Li, Zongyi and Liu, Burigede and Azizzadenesheli, Kamyar and Bhattacharya, Kaushik and Stuart, Andrew M and Anandkumar, Anima},
  journal = {CoRR},
  volume = {abs/2108.08481},
  year = {2021},
  html = {https://arxiv.org/abs/2108.08481},
  pdf = {https://arxiv.org/pdf/2108.08481.pdf},
  selected = {true}
}

@inproceedings{kabri2023res,
  title={Resolution-Invariant Image Classification based on Fourier Neural Operators},
  author={Kabri, Samira and Roith, Tim and Tenbrinck, Daniel and Burger, Martin},
  booktitle={Scale Space and Variational Methods in Computer Vision: 9th International Conference, SSVM 2023},
  year={2023},
  organization={Springer}
}

@article{roith2022continuum,
  title={Continuum limit of Lipschitz learning on graphs},
  author={Roith, Tim and Bungert, Leon},
  journal={Foundations of Computational Mathematics},
  volume={23},
  number={2},
  pages={393--431},
  year={2023},
  publisher={Springer},
  keywords={papersA},
  shorthand={LIP-I}
}

@article{bungert2021uniform,
	author = {Bungert, Leon and Calder, Jeff and Roith, Tim},
	title = "{Uniform convergence rates for Lipschitz learning on graphs}",
	journal = {IMA Journal of Numerical Analysis},
	year = {2022},
	% month = {09},
	issn = {0272-4979},
	doi = {10.1093/imanum/drac048},
    shorthand={LIP-II},
    keywords={papersA},
}

@article{armstrong2010easy,
  title={An easy proof of Jensenâ€™s theorem on the uniqueness of infinity harmonic functions},
  author={Armstrong, Scott N and Smart, Charles K},
  journal={Calculus of Variations and PDEs},
  volume={37},
  number={3},
  pages={381--384},
  year={2010},
  publisher={Springer}
}

@misc{bungert2022ratio,
      title={Ratio convergence rates for Euclidean first-passage percolation: Applications to the graph infinity Laplacian}, 
      author={Leon Bungert and Jeff Calder and Tim Roith},
      year={2022},
      eprint={2210.09023},
      archivePrefix={arXiv},
      primaryClass={math.PR},
      shorthand={LIP-III},
      keywords={papersC},
}
